<record><leader>00000cas a2200000 a 4500</leader><controlfield tag="001">28514634</controlfield><controlfield tag="008">930726d19371968iluwr ne      0   a0eng c</controlfield><datafield ind1=" " ind2=" " tag="010"><subfield code="a">sn 93055763 </subfield></datafield><datafield ind1=" " ind2=" " tag="040"><subfield code="a">NVF</subfield><subfield code="b">eng</subfield><subfield code="c">NVF</subfield><subfield code="d">NVF</subfield><subfield code="d">OCLCF</subfield><subfield code="d">OCLCO</subfield><subfield code="d">NVF</subfield></datafield><datafield ind1=" " ind2=" " tag="042"><subfield code="a">pcc</subfield></datafield><datafield ind1=" " ind2=" " tag="043"><subfield code="a">n-us-il</subfield></datafield><datafield ind1="0" ind2="0" tag="245"><subfield code="a">Pike County Democrat-times.</subfield></datafield><datafield ind1="3" ind2=" " tag="246"><subfield code="a">Pike County Democrat times</subfield></datafield><datafield ind1=" " ind2=" " tag="260"><subfield code="a">Pittsfield, Ill. :</subfield><subfield code="b">C.W. Bush, John H. Caughlan,</subfield><subfield code="c">1937-1968.</subfield></datafield><datafield ind1=" " ind2=" " tag="300"><subfield code="a">v.</subfield></datafield><datafield ind1=" " ind2=" " tag="310"><subfield code="a">Weekly</subfield></datafield><datafield ind1="0" ind2=" " tag="362"><subfield code="a">Vol. 80, no. 42 (Dec. 1, 1937)-Mar. 27, 1968.</subfield></datafield><datafield ind1=" " ind2=" " tag="580"><subfield code="a">Formed by the union of: Pike County Democrat (Pittsfield, Ill.) and: Pike County times (Pittsfield, Ill.).</subfield></datafield><datafield ind1=" " ind2=" " tag="580"><subfield code="a">Merged with: Pike County Republican (Pittsfield, Ill.), to form: Pike press.</subfield></datafield><datafield ind1=" " ind2="0" tag="651"><subfield code="a">Pittsfield (Ill.)</subfield><subfield code="v">Newspapers.</subfield></datafield><datafield ind1=" " ind2="0" tag="651"><subfield code="a">Pike County (Ill.)</subfield><subfield code="v">Newspapers.</subfield></datafield><datafield ind1=" " ind2="7" tag="651"><subfield code="a">Illinois</subfield><subfield code="z">Pike County.</subfield><subfield code="2">fast</subfield><subfield code="0">(OCoLC)fst01206336</subfield></datafield><datafield ind1=" " ind2="7" tag="651"><subfield code="a">Illinois</subfield><subfield code="z">Pittsfield.</subfield><subfield code="2">fast</subfield><subfield code="0">(OCoLC)fst01226733</subfield></datafield><datafield ind1=" " ind2="7" tag="655"><subfield code="a">Newspapers.</subfield><subfield code="2">fast</subfield><subfield code="0">(OCoLC)fst01423814</subfield></datafield><datafield ind1=" " ind2=" " tag="752"><subfield code="a">United States</subfield><subfield code="b">Illinois</subfield><subfield code="c">Pike County</subfield><subfield code="d">Pittsfield.</subfield></datafield><datafield ind1="1" ind2="4" tag="780"><subfield code="t">Pike County Democrat (Pittsfield, Ill.)</subfield><subfield code="w">(DLC)sn 82006508</subfield><subfield code="w">(OCoLC)8801306</subfield></datafield><datafield ind1="1" ind2="4" tag="780"><subfield code="t">Pike County times (Pittsfield, Ill.)</subfield><subfield code="w">(DLC)sn 93055762</subfield><subfield code="w">(OCoLC)28513733</subfield></datafield><datafield ind1="1" ind2="7" tag="785"><subfield code="t">Pike County Republican (Pittsfield, Ill.)</subfield><subfield code="w">(DLC)sn 86086411</subfield><subfield code="w">(OCoLC)13344143</subfield></datafield><datafield ind1="1" ind2="7" tag="785"><subfield code="t">Pike press</subfield><subfield code="w">(DLC)sn 93055764</subfield><subfield code="w">(OCoLC)28514709</subfield></datafield><datafield ind1="1" ind2=" " tag="029"><subfield code="a">AU@</subfield><subfield code="b">000020745036</subfield></datafield></record>